@inbook{roders,
	author="Роджерс Д.",
	title="Алгоритмические основы машинной графики.",
	publisher="M.Мир",
	language="russian",
	year=1989,
	pages="512"
}